% Encoding: UTF-8
@book{exemplo_livroe,
	title        = {Título de obra},
	author       = {SOBRENOME, Prenome do Autor},
	year         = {data de publicação},
	publisher    = {Editora},
	address      = {Local de publicação},
	url          = {http://www.udesc.br/cct},
	note         = {Descrição física},
	edition      = {Número da edição (se houver)},
	subtitle     = {subtítulo (se houver)},
	urlaccessdate = {10 nov. 2020}
}
@book{exemplo_livro,
	title        = {Título de obra},
	author       = {SOBRENOME, Prenome do Autor},
	year         = {data de publicação},
	publisher    = {Editora},
	address      = {Local de publicação},
	edition      = {Número da edição (se houver)},
	subtitle     = {subtítulo (se houver)}
}
@mastersthesis{exemplo_dissertacao,
	title        = {Título de obra},
	author       = {SOBRENOME, Prenome do Autor},
	year         = {data},
	address      = {local de apresentação/defesa},
	url          = {http://www.udesc.br/cct},
	note         = {Descrição física},
	school       = {Vinculação acadêmica},
	subtitle     = {subtítulo (se houver)},
	urlaccessdate = {10 nov. 2020}
}
@phdthesis{exemplo_tese,
	title        = {Título de obra},
	author       = {SOBRENOME, Prenome do Autor},
	year         = {data},
	address      = {local de apresentação/defesa},
	url          = {http://www.udesc.br/cct},
	note         = {Descrição física},
	school       = {Vinculação acadêmica},
	subtitle     = {subtítulo (se houver)},
	urlaccessdate = {10 nov. 2020}
}
@article{exemplo_artigo,
	title        = {Título do artigo},
	author       = {SOBRENOME, Prenome do Autor},
	year         = {data ou período de publicação},
	journal      = {Título do periódico},
	address      = {Local de publicação},
	volume       = {numeração do ano e/ou volume},
	number       = {número e/ou edição},
	pages        = {páginas inicial e final},
	doi          = {DOI},
	url          = {http://www.udesc.br/cct},
	subtitle     = {subtítulo (se houver)},
	urlaccessdate = {10 nov. 2020}
}
@comment{jabref-meta: databaseType:bibtex;}
